<record><leader>00000cas a22000007a 4500</leader><controlfield tag="001">24057308</controlfield><controlfield tag="008">910711d19501951njuwr ne      0    0eng d</controlfield><datafield ind1=" " ind2=" " tag="010"><subfield code="a">sn 91064015 </subfield></datafield><datafield ind1=" " ind2=" " tag="040"><subfield code="a">NJW</subfield><subfield code="b">eng</subfield><subfield code="c">NJW</subfield><subfield code="d">OCLCQ</subfield></datafield><datafield ind1="0" ind2="4" tag="245"><subfield code="a">The East Rutherford leader.</subfield></datafield><datafield ind1="1" ind2="7" tag="246"><subfield code="a">Leader</subfield></datafield><datafield ind1=" " ind2=" " tag="260"><subfield code="a">East Rutherford, N.J. :</subfield><subfield code="b">East Rutherford Print. Co.</subfield></datafield><datafield ind1=" " ind2=" " tag="300"><subfield code="a">v.</subfield></datafield><datafield ind1=" " ind2=" " tag="310"><subfield code="a">Weekly</subfield></datafield><datafield ind1="0" ind2=" " tag="362"><subfield code="a">Vol. 1, no. 1, (June 22, 1950)-v. 1, no. 32 (Jan. 25, 1951).</subfield></datafield><datafield ind1=" " ind2=" " tag="752"><subfield code="a">United States bNew Jersey</subfield><subfield code="c">Bergen</subfield><subfield code="d">East Rutherford.</subfield></datafield><datafield ind1="0" ind2="7" tag="785"><subfield code="t">Carlstadt free press</subfield><subfield code="w">(DLC)sn 91064017</subfield></datafield><datafield ind1="0" ind2="7" tag="785"><subfield code="t">Leader-free press</subfield><subfield code="w">(DLC)sn 91064016</subfield></datafield></record>